@InBook{vehicle_dynamics,
	Author    = {R. N. Jazar},
	Chapter     = {7: Steering Dynamics},
	Title = {Vehicle Dynamics: Theory and Applications},
	Publisher = {Springer Science and Business Media, LLC},
	Year      = {2009}
}

@Manual{epos241_manual,
title = {EPOS 24/1 Positioning Controller Documentation: Getting Started},
key = {573049-08},
organization = {maxon motor},
month = {July},
year = {2007}
}

@InBook{autonomous_mobile_robots,
	Author    = {R. Siegwart and Illah R. Nourbakhsh},
	Chapter     = {4: Perception},
	Title = {Introduction to Autonomous Mobile Robots},
	Publisher = {Cambridge MIT Press},
	Year      = {2004}
}