@InBook{vehicle_dynamics,
	Author    = {R. N. Jazar},
	Chapter     = {7: Steering Dynamics},
	Title = {Vehicle Dynamics: Theory and Applications},
	Publisher = {Springer Science and Business Media, LLC},
	Year      = {2009}
}

@Article{crsm,
	author = {E. Tsardoulias and L. Petrou},
	title = {Critical Rays Scan Match SLAM},
	journal = {Journal of Intelligent and Robotic Systems},
	year = {2013}
}

@Article{gmapping,
	author = {G. Grisetti and C. Stachniss and W. Burgard},
	title = {Improved Techniques for Grid Mapping with Rao - Blackwellized Particle Filters},
	journal = {IEEE Transactions on Robotics},
	year = {2007},
	volume = {23},
	pages = {34-46} 
}

@Article{sbpl,
	author = {M. Likhachev and D. Ferguson},
	title = {Planning Long Dynamically Feasible Maneuvers for Autonomous Vehicles},
	journal = {The International Journal of Robotics Research},
	volume = {28},
	pages={933-945},
	year = {2009}
}

@INPROCEEDINGS{arastar,
    author = {M. Likhachev and G. Gordon and S. Thrun},
    title = {ARA*: Anytime A* with Provable Bounds on Sub-Optimality },
    booktitle = {IN ADVANCES IN NEURAL INFORMATION PROCESSING SYSTEMS 16: PROCEEDINGS OF THE 2003 CONFERENCE (NIPS-03},
    year = {2004},
    publisher = {MIT Press}
}

@INPROCEEDINGS{adstar,
    author = {M. Likhachev and D. Ferguson and G. Gordon and A. Stentz and S. Thrun},
    title = {Anytime Dynamic A*: An Anytime, Replanning Algorithm},
    booktitle = {In ICAPS},
    year = {2005},
    pages = {262--271}
}

@INPROCEEDINGS{dpm,
author={M. Khatib and H. Jaouni and R. Chatila and J. P. Laumond},
booktitle={Robotics and Automation, 1997. Proceedings., 1997 IEEE International Conference on},
title={Dynamic path modification for car-like nonholonomic mobile robots},
year={1997},
volume={4},
pages={2920-2925 vol.4},
keywords={mobile robots;motion control;path planning;robot kinematics;Bezier curves;car-like nonholonomic mobile robots;dynamic path modification;elastic band concepts;flexible feasible trajectory;kinematics constraints;locally reachable space;minimum curvature constraint;trajectory smoothing;Extraterrestrial measurements;Mobile robots;Motion control;Orbital robotics;Polynomials;Robot kinematics;Smoothing methods},
doi={10.1109/ROBOT.1997.606730},
month={Apr},}

@INPROCEEDINGS{eband,
author={S. Quinlan and O. Khatib},
booktitle={Robotics and Automation, 1993. Proceedings., 1993 IEEE International Conference on},
title={Elastic bands: connecting path planning and control},
year={1993},
pages={802-807 vol.2},
keywords={computerised control;path planning;robots;bubbles;deformable collision-free path;elastic band;global path planning;real-time sensor-based robot control;uncertainties;Computer science;Control systems;Control theory;Joining processes;Laboratories;Path planning;Robot control;Robot sensing systems;Shape;Uncertainty},
doi={10.1109/ROBOT.1993.291936},
month={May},}

@article{reeds_shepp,
author = " J. A. Reeds and L. A. Shepp",
journal = "Pacific J. Math.",
number = "2",
pages = "367--393",
publisher = "Pacific Journal of Mathematics, A Non-profit Corporation",
title = "Optimal paths for a car that goes both forwards and backwards.",
url = "http://projecteuclid.org/euclid.pjm/1102645450",
volume = "145",
year = "1990"
}

@book{planning_algorithms,
	author = {S. M. LaValle},
	title = {Planning Algorithms},
	year = {2006},
	publisher = {Cambridge University Press},
	address = {New York, NY, USA}} 

@INPROCEEDINGS{reactive_fuzzy_ptc,
author={A. Mendes and L. C. Bento and U. Nunes},
booktitle={Emerging Technologies and Factory Automation, 2003. Proceedings. ETFA '03. IEEE Conference},
title={Path-tracking controller with an anti-collision behaviour of a bi-steerable cybernetic car},
year={2003},
volume={1},
pages={613-619 vol.1},
keywords={automobiles;collision avoidance;computerised navigation;control system synthesis;fuzzy control;fuzzy logic;laser ranging;tracking;velocity control;acceleration profile;anticollision behaviour;bi-steerable cybernetic car;controller design;fuzzy logic;laser range data;navigation control system;object behaviour;path tracking controller;velocity planner;Acceleration;Automatic control;Computer architecture;Control systems;Cybernetics;Fuzzy logic;Mobile robots;Navigation;Remotely operated vehicles;Tires},
doi={10.1109/ETFA.2003.1247763},
month={Sept},}

%@Misc {,
%author = {},
%title = {},
%howpublished = {\url{www.wiki.ros.org/}}
%}
